@manual{EstreeSpec,
  author = {Dave Herman and Ingvar Stepanyan and Nicholas C. Zakas and
            Mike Sherov and Ariya Hidayat and Michael Ficarra and
            Henry Zhu and Logan Smyth and Daniel Tschinder},
  title = {The ESTree Spec},
  year = {2018},
  month = 05,
  url = {https://github.com/estree/estree/tree/df2290b23a652e1ec354b6775459a3b42e22f108},
  urldate = {2018-05-31},
}
@manual{BabelPluginHandbook,
  author = {James Kyle and Contributors},
  title = {Babel Plugin Handbook},
  year = {2017},
  month = 12,
  url = {https://github.com/jamiebuilds/babel-handbook/blob/c6d34a64e212b1ffa63eca1e79e033c9b8f8bf54/translations/en/plugin-handbook.md},
  urldate = {2018-05-31},
}
