@online{MocksArentStubs,
  author = {Martin Fowler},
  title = {Mocks Aren't Stubs},
  year = {2007},
  month = 01,
  url = {https://web.archive.org/web/20180528203204/https://martinfowler.com/articles/mocksArentStubs.html},
  urldate = {2018-05-28},
}
