@inproceedings{AstImplIdioms,
  title={Abstract syntax tree implementation idioms},
  author={Jones, Joel},
  booktitle={Proceedings of the 10th conference on pattern languages of programs (plop2003)},
  pages={1--10},
  year={2003}
}
@inproceedings{VisitorPatternEssence,
  title={The essence of the visitor pattern},
  author={Palsberg, Jens and Jay, C Barry},
  booktitle={Computer Software and Applications Conference, 1998. COMPSAC'98. Proceedings. The Twenty-Second Annual International},
  pages={9--15},
  year={1998},
  organization={IEEE}
}
@book{DesignPatterns,
  title={Design patterns: elements of reusable object-oriented software},
  author={Erich Gamma and Richard Helm and Ralph Johnson and John Vlissides},
  year={1995},
  publisher={Pearson Education India}
}
@article{HowdenTesting,
  title={Theoretical and empirical studies of program testing},
  author={Howden, William E},
  journal={IEEE Transactions on Software Engineering},
  number={4},
  pages={293--298},
  year={1978},
  publisher={IEEE}
}
@inproceedings{MeszarosXUnit,
  title={A pattern language for automated testing of indirect inputs and outputs using xunit},
  author={Meszaros, Gerard},
  booktitle={Proceedings of 11th Conference on Pattern Languages of Programs (PLoP2004)},
  year={2004}
}
@inproceedings{TestingTheoryDriver,
  title={From testing theory to test driver implementation},
  author={Peleska, Jan and Siegel, Michael},
  booktitle={International Symposium of Formal Methods Europe},
  pages={538--556},
  year={1996},
  organization={Springer}
}
@book{ArtOfSoftwareTesting,
  title={The art of software testing},
  author={Myers, Glenford J and Sandler, Corey and Badgett, Tom},
  year={2011},
  publisher={John Wiley \& Sons}
}
@proceedings{LispQuasiquotation,
  author = {Bawden, Alan},
  booktitle = {Partial Evaluation and Semantic-Based Program Manipulation},
  keywords = {lisp, metaprogramming, quasiquote, quote},
  pages = {4--12},
  title = {{Quasiquotation in Lisp}},
  url = {http://citeseerx.ist.psu.edu/viewdoc/summary?doi=10.1.1.5.2566},
  year = {1999}
}
